% THIS LIST PRESENTS STANDARDIZED NAMES FOR PROCEEDINGS AND JOURNALS.
% IT DOES NOT, IN ANY WAY, LIMIT THE REFERENCES TO VENUES ON THIS LIST.
% IT IS MERE A SUGGESTION ON HOW TO WRITE THE VENUES IN THE BIB FILES,
%   SO THAT JIDM KEEPS A MINIMUM OF CONSISTENCY AMONG CITATIONS
% SEPT.3rd.2010


@STRING{aaai = {Proceedings of the National Conference on Artificial Intelligence}}

@STRING{acmgis = {Proceedings of the ACM International Symposium on Advances in Geographic Information Systems}}

@STRING{adbis = {Proceedings of the Symposium on Advances in Databases and Information Systems}}

@STRING{ai = {Artificial Inteligence}}

@STRING{cacm = {Communications of the ACM}}

@STRING{cikm = {Proceedings of the International Conference on Information and Knowledge Engineering}}

@STRING{computer = {IEEE Computer}}

@STRING{computernetw = {Computer Networks}}

@STRING{computingsurveys = {ACM Computing Surveys}}

@STRING{dasfaa = {Proceedings of the International Conference on Database Systems for Advanced Applications}}

@STRING{dawak = {Proceedings of the Data Warehousing and Knowledge Discovery}}

@STRING{dcc = {Proceedings of the Data Compression Conference}}

@STRING{dexa = {Proceedings of the International Conference on Database and Expert Systems Applications}}

@STRING{dke = {Data \& Knowledge Engineeering}}

@STRING{doceng = {Proceedings of the ACM Symposium on Document Engineering}}

@STRING{dood = {Proceedings of the International Conference Deductive and Object-Oriented Databases}}

@STRING{dpd = {Distributed and Parallel Databases}}

@STRING{ecdl = {Proceedings of the European Conference on Research and Advanced Technology for Digital Libraries}}

@STRING{ecir = {Proceedings of the European Conference on Information Retrieval}}

@STRING{edbt = {Proceedings of the International Conference on Extending Database Technology}}

@STRING{eextt = {Proceedings of the VLDB Workshop on Efficiency and Effectiveness of XML Tools, and Techniques}}

@STRING{er = {Proceedings of the International Conference on Conceptual Modeling}}

@STRING{fse = {Proceedings of the ACM SIGSOFT Conference on the Foundations of Software Engineering}}

@STRING{geoinfo = {Proceedings of the Brazilian Symposium on GeoInformatics}}

@STRING{icde = {Proceedings of the IEEE International Conference on Data Engineering}}

@STRING{icdebulletin = {IEEE Data Engineering Bulletin}}

@STRING{icdt = {Proceedings of the International Conference on Database Theory}}

@STRING{icdm = {Proceedings of the IEEE International Conference on Data Mining}} 

@STRING{icml = {Proceedings of the International Conference on Machine Learning}}

@STRING{infosys = {Information Systems}}

@STRING{ipm = {Information Processing and Management}}

@STRING{jbcs = {Journal of the Brazilian Computer Society}}

@STRING{jcdl = {Proceedings of the ACM IEEE Joint Conference on Digital Libraries}}

@STRING{jep = {Journal of Electronic Publishing}}

@STRING{jidm = {Journal of Information and Data Management}}

@STRING{jiis = {Journal of Intelligent Information Systems}}

@STRING{jucs = {Journal of Universal Computer Science}}

@STRING{kdd = {Proceedings of the ACM SIGKDD International Conference on Knowledge Discovery and Data Mining}}

@STRING{mobilesearch = {Proceedings of the WWW Workshop on Mobile Search}}

@STRING{odbase = {Proceedings of the International Conference on Ontologies, Databases and Applications of Semantics}}

@STRING{oopsla = {Proceedings of the Annual ACM Conference on Object-Oriented Programing Systems, Languages and Applications}}

@STRING{pkdd = {Proceedings of the European Conference on Principles and Practice of Knowledge Discovery in Databases}}

@STRING{pods = {Proceedings of the ACM Symposium on Principles of Database Systems}}

@STRING{pvldb = {Proceedings of the VLDB Endowment}}

@STRING{sac = {Proceedings of the ACM Symposium on Applied Computing}}

@STRING{sbbd = {Proceedings of the Brazilian Symposium on Databases}}

@STRING{seke = {Proceedings of the International Conference on Software Engineering and Knowledge Engineering}}

@STRING{sigir = {Proceedings of the International ACM SIGIR Conference on Research \& Development of Information Retrieval}}

@STRING{sigmod = {Proceedings of the ACM SIGMOD International Conference on Management of Data Conference}}

@STRING{sigmodrecord = {SIGMOD Record}}

@STRING{ssdbm = {Proceedings of the International Conference on Scientific and Statistical Databases Management}}

@STRING{sstd = {Proceedings of the Internationa Symposium on Spatial and Temporal Databases}}

@STRING{time = {Proceedings of the International Symposium on Temporal Representation and Reasoning}}

@STRING{tkdd = {ACM Transactions on Knowledge Discovery from Data}}

@STRING{tkde = {IEEE Transactions on Knowledge and Data Engineering}}

@STRING{tods = {ACM Transactions on Database Systems }}

@STRING{tois = {ACM Transactions on Information Systems}}

@STRING{tse = {Transactions on Software Engineering}}

@STRING{uai = {Proceedings of the Conference in Uncertainty in Artificial Intelligence}}

@STRING{vldb = {Proceedings of the International Conference on Very Large Data Bases}}

@STRING{vldbj = {The VLDB Journal}}

@STRING{webdb = {Proceedings of the Workshop on Web and Databases}}

@STRING{webmedia = {Proceedings of the Brazilian Symposium on Multimedia and the Web}}

@STRING{wic = {IEEE/WIC/ACM International Conference on Web Intelligence and Intelligent Agent Technology}}

@STRING{widm = {International Workshop on Web Information and Data Management}}

@STRING{wsdm = {International Conferences on Web Search and Data Mining}}

@STRING{wta = {Web Technologies and Applications}}

@STRING{www = {Proceedings of the International World Wide Web Conferences}}

@STRING{wwwposter = {Proceedings of the International World Wide Web Conferences, Poster session}}

@STRING{xsym = {Proceedings of XML Database Symposium}}

%%%%%%%%%%%%%%%%%%%%%%%%%%%%%%%%%%%%%%%%%%%%%%%%%%%%%%%%%%%%%%%%%%%%%%%%%%%%%%%%%%%%%%%%%%%%%%%%%%%%%%

@ARTICLE{Densiometric08,
  author = {Christian Kohlsch\"{u}tter and Wolfgang Nejdl},
  title = {{A Densitometric Approach to Web Page Segmentation}},
  journal = cikm,
  year = {2008}
}

@ARTICLE{Boilerplate10,
  author = {Christian Kohlsch\"{u}tter and Peter Fankhauser and Wolfgang Nejdl},
  title = {{Boilerplate Detection using Shallow Text Features}},
  journal = wsdm,
  year = {2010}
}

@ARTICLE{CETR10,
  author = {Tim Weninger and William H. Hsu and Jiawei Han},
  title = {{CETR - Content Extraction via Tag Ratios}},
  journal = www,
  year = {2010}
}

@ARTICLE{BlockImp07,
  author = {David Fernandes and Edleno S. de Moura and Berthier Ribeiro-Neto and Altigran S. da Silva and Marcos Andr\'{e} Gon\c{c}alves},
  title = {{Computing Block Importance for Searching on Web Sites}},
  journal = cikm,
  year = {2007}
}

@ARTICLE{Entropy09,
  author = {Wei-Ting Cho and Yu-Min Lin and Hung-Yu Kao},
  title = {{Entropy-based Visual Tree Evaluation on Block Extraction}},
  journal = wic,
  year = {2009}
}

@ARTICLE{SiteOriented11,
  author = {David Fernandes and Edleno S. de Moura and Altigran S. da Silva and Berthier Ribeiro-Neto and Edisson Braga},
  title = {{A Site Oriented Method for Segmenting Web Pages}},
  journal = sigir,
  year = {2011}
}

@ARTICLE{Graph08,
  author = {Deepayan Chakrabarti and Ravi Kumar and Kunal Punera},
  title = {{A Graph-Theoretic Approach to Webpage Segmentation}},
  journal = www,
  year = {2008}
}

@ARTICLE{Noisy03,
  author = {Lan Yi and Bing Liu and Xiaoli Li},
  title = {{Eliminating Noisy Information in Web Pages for Data Mining}},
  journal = kdd,
  year = {2003}
}

@ARTICLE{vide09,
  author = {Wei Liu and Xiaofeng Meng and Weiyi Meng},
  title = {{ViDE: A Vision-Based Approach for Deep Web Data Extraction}},
  journal = tkde,
  year = {2009}
}

@ARTICLE{viper05,
  author = {Kai Simon and Georg Lausen},
  title = {{ViPER: Augmenting Automatic Information Extraction with Visual Perceptions}},
  journal = cikm,
  year = {2005}
}

@INBOOK{vips03,
  chapter = {{Session 9}},
  pages = {406-417},
  title = {Extracting Content Structure for Web Pages based on Visual Representation},
  publisher = {Springer},
  year = {2003},
  editor = { Xiaofang Zhou and Maria E. Orlowska and Yanchun Zhang},
  author = {Deng Cai and Shipeng Yu and Ji-Rong Wen and Wei-Ying Ma},
  series = {5th Asia-Pacific Web Conference, APWeb 2003, Xian, China, April 23-25, 2003 Proceedings},
  booktitle = wta
}

@ARTICLE{TPC09,
  author = {Gengxin Miao and Junichi Tatemura and Wang-Pin Hsiung and Arsany Sawires and Louise E. Moser},
  title = {{Extracting Data Records from the Web Using Tag Path Clustering}},
  journal = www,
  year = {2009}
}

@ARTICLE{SuffixTree12,
  author = {Xiaoqin Xie and Yixiang Fang and Zhiqiang Zhang, Li Li},
  title = {{Extracting Data Records from Web Using Suffix Tree}},
  journal = kdd,
  year = {2012}
}

@ARTICLE{MDR03,
  author = {Bing Liu and Robert Grossman and Yanhong Zhai},
  title = {{Mining Data Records in Web Pages}},
  journal = kdd,
  year = {2003}
}

@ARTICLE{Editorial04,
  author = {Bing Liu and Kevin Chen-Chuan Chang},
  title = {{Editorial: Special Issue on Web Content Mining}},
  journal = kdd,
  year = {2004}
}

@ARTICLE{Volume05,
  author = {David Gibson and Kunal Punera and Andrew Tomkins},
  title = {{The Volume and Evolution of Web Page Templates}},
  journal = www,
  year = {2005}
}

@ARTICLE{Adaptive07,
  author = {John Gibson and Ben Wellner and Susan Lubar},
  title = {{Adaptive Web-page Content Identification}},
  journal = widm,
  year = {2007}
}

@ARTICLE{Entropy12,
  author = {Xiaoqing Zheng and Yiling Gu and Yinsheng Li},
  title = {{Data Extraction from Web Pages Based on Structural-Semantic Entropy}},
  journal = www,
  year = {2012}
}

@ARTICLE{Extract03,
  author = {Arvind Arasu and Hector Garcia-Molina},
  title = {{Extracting Structured Data from Web Pages}},
  journal = sigmod,
  year = {2003}
}

@ARTICLE{RRunner01,
  author = {Valter Crescenzi and Giansalvatore and Mecca Paolo Merialdo},
  title = {{RoadRunner: Towards Automatic Data Extraction from Large Web Sites}},
  journal = vldb,
  year = {2001}
}

@ARTICLE{NonTemplate13,
  author = {Hu Fei and Li Ming and Zhang Yi-nan and Peng Tao and Lei Yang},
  title = {{A Non-Template Approach to Purify Web Pages Based on Word Density}},
  journal = iea,
  year = {2013}
}
