% THIS LIST PRESENTS STANDARDIZED NAMES FOR PROCEEDINGS AND JOURNALS.
% IT DOES NOT, IN ANY WAY, LIMIT THE REFERENCES TO VENUES ON THIS LIST.
% IT IS MERE A SUGGESTION ON HOW TO WRITE THE VENUES IN THE BIB FILES,
%   SO THAT JIDM KEEPS A MINIMUM OF CONSISTENCY AMONG CITATIONS
% SEPT.3rd.2010


@STRING{aaai = {Proceedings of the National Conference on Artificial Intelligence}}

@STRING{acmgis = {Proceedings of the ACM International Symposium on Advances in Geographic Information Systems}}

@STRING{adbis = {Proceedings of the Symposium on Advances in Databases and Information Systems}}

@STRING{ai = {Artificial Inteligence}}

@STRING{cacm = {Communications of the ACM}}

@STRING{cikm = {Proceedings of the International Conference on Information and Knowledge Engineering}}

@STRING{computer = {IEEE Computer}}

@STRING{computernetw = {Computer Networks}}

@STRING{computingsurveys = {ACM Computing Surveys}}

@STRING{dasfaa = {Proceedings of the International Conference on Database Systems for Advanced Applications}}

@STRING{dawak = {Proceedings of the Data Warehousing and Knowledge Discovery}}

@STRING{dcc = {Proceedings of the Data Compression Conference}}

@STRING{dexa = {Proceedings of the International Conference on Database and Expert Systems Applications}}

@STRING{dke = {Data \& Knowledge Engineeering}}

@STRING{doceng = {Proceedings of the ACM Symposium on Document Engineering}}

@STRING{dood = {Proceedings of the International Conference Deductive and Object-Oriented Databases}}

@STRING{dpd = {Distributed and Parallel Databases}}

@STRING{ecdl = {Proceedings of the European Conference on Research and Advanced Technology for Digital Libraries}}

@STRING{ecir = {Proceedings of the European Conference on Information Retrieval}}

@STRING{edbt = {Proceedings of the International Conference on Extending Database Technology}}

@STRING{eextt = {Proceedings of the VLDB Workshop on Efficiency and Effectiveness of XML Tools, and Techniques}}

@STRING{er = {Proceedings of the International Conference on Conceptual Modeling}}

@STRING{fse = {Proceedings of the ACM SIGSOFT Conference on the Foundations of Software Engineering}}

@STRING{geoinfo = {Proceedings of the Brazilian Symposium on GeoInformatics}}

@STRING{icde = {Proceedings of the IEEE International Conference on Data Engineering}}

@STRING{icdebulletin = {IEEE Data Engineering Bulletin}}

@STRING{icdt = {Proceedings of the International Conference on Database Theory}}

@STRING{icdm = {Proceedings of the IEEE International Conference on Data Mining}} 

@STRING{icml = {Proceedings of the International Conference on Machine Learning}}

@STRING {iea = {Proceedings of the International Conference on Information Engineering and Applications}}

@STRING{infosys = {Information Systems}}

@STRING{ipm = {Information Processing and Management}}

@STRING{jbcs = {Journal of the Brazilian Computer Society}}

@STRING{jcdl = {Proceedings of the ACM IEEE Joint Conference on Digital Libraries}}

@STRING{jep = {Journal of Electronic Publishing}}

@STRING{jidm = {Journal of Information and Data Management}}

@STRING{jiis = {Journal of Intelligent Information Systems}}

@STRING{jucs = {Journal of Universal Computer Science}}

@STRING{kdd = {Proceedings of the ACM SIGKDD International Conference on Knowledge Discovery and Data Mining}}

@STRING{mobilesearch = {Proceedings of the WWW Workshop on Mobile Search}}

@STRING{odbase = {Proceedings of the International Conference on Ontologies, Databases and Applications of Semantics}}

@STRING{oopsla = {Proceedings of the Annual ACM Conference on Object-Oriented Programing Systems, Languages and Applications}}

@STRING{pkdd = {Proceedings of the European Conference on Principles and Practice of Knowledge Discovery in Databases}}

@STRING{pods = {Proceedings of the ACM Symposium on Principles of Database Systems}}

@STRING{pvldb = {Proceedings of the VLDB Endowment}}

@STRING{sac = {Proceedings of the ACM Symposium on Applied Computing}}

@STRING{sbbd = {Proceedings of the Brazilian Symposium on Databases}}

@STRING{seke = {Proceedings of the International Conference on Software Engineering and Knowledge Engineering}}

@STRING{sigir = {Proceedings of the International ACM SIGIR Conference on Research \& Development of Information Retrieval}}

@STRING{sigmod = {Proceedings of the ACM SIGMOD International Conference on Management of Data Conference}}

@STRING{sigmodrecord = {SIGMOD Record}}

@STRING{ssdbm = {Proceedings of the International Conference on Scientific and Statistical Databases Management}}

@STRING{sstd = {Proceedings of the Internationa Symposium on Spatial and Temporal Databases}}

@STRING{time = {Proceedings of the International Symposium on Temporal Representation and Reasoning}}

@STRING{tkdd = {ACM Transactions on Knowledge Discovery from Data}}

@STRING{tkde = {IEEE Transactions on Knowledge and Data Engineering}}

@STRING{tods = {ACM Transactions on Database Systems }}

@STRING{tois = {ACM Transactions on Information Systems}}

@STRING{tse = {Transactions on Software Engineering}}

@STRING{uai = {Proceedings of the Conference in Uncertainty in Artificial Intelligence}}

@STRING{vldb = {Proceedings of the International Conference on Very Large Data Bases}}

@STRING{vldbj = {The VLDB Journal}}

@STRING{webdb = {Proceedings of the Workshop on Web and Databases}}

@STRING{webmedia = {Proceedings of the Brazilian Symposium on Multimedia and the Web}}

@STRING{wic = {IEEE/WIC/ACM International Conference on Web Intelligence and Intelligent Agent Technology}}

@STRING{widm = {International Workshop on Web Information and Data Management}}

@STRING{wise = {International Conference on Web Information Systems Engineering}}

@STRING{wsdm = {International Conferences on Web Search and Data Mining}}

@STRING{wta = {Web Technologies and Applications}}

@STRING{www = {Proceedings of the International World Wide Web Conferences}}

@STRING{wwwposter = {Proceedings of the International World Wide Web Conferences, Poster session}}

@STRING{xsym = {Proceedings of XML Database Symposium}}

%%%%%%%%%%%%%%%%%%%%%%%%%%%%%%%%%%%%%%%%%%%%%%%%%%%%%%%%%%%%%%%%%%%%%%%%%%%%%%%%%%%%%%%%%%%%%%%%%%%%%%

@inproceedings{Densiometric08,
  title={A densitometric approach to web page segmentation},
  author={Kohlsch{\"u}tter, Christian and Nejdl, Wolfgang},
  booktitle={Proceedings of the 17th ACM conference on Information and knowledge management},
  pages={1173--1182},
  year={2008},
  organization={ACM}
}

@inproceedings{Boilerplate10,
  title={Boilerplate detection using shallow text features},
  author={Kohlsch{\"u}tter, Christian and Fankhauser, Peter and Nejdl, Wolfgang},
  booktitle={Proceedings of the third ACM international conference on Web search and data mining},
  pages={441--450},
  year={2010},
  organization={ACM}
}

@inproceedings{CETR10,
  title={CETR: content extraction via tag ratios},
  author={Weninger, Tim and Hsu, William H and Han, Jiawei},
  booktitle={Proceedings of the 19th international conference on World wide web},
  pages={971--980},
  year={2010},
  organization={ACM}
}

@inproceedings{BlockImp07,
  title={Computing block importance for searching on web sites},
  author={Fernandes, David and de Moura, Edleno S and Ribeiro-Neto, Berthier and da Silva, Altigran S and Gon{\c{c}}alves, Marcos Andr{\'e}},
  booktitle={Proceedings of the sixteenth ACM conference on Conference on information and knowledge management},
  pages={165--174},
  year={2007},
  organization={ACM}
}

@inproceedings{Entropy09,
  title={Entropy-based Visual Tree Evaluation on Block Extraction},
  author={Cho, Wei-Ting and Lin, Yu-Min and Kao, Hung-Yu},
  booktitle={Proceedings of the 2009 IEEE/WIC/ACM International Joint Conference on Web Intelligence and Intelligent Agent Technology-Volume 01},
  pages={580--583},
  year={2009},
  organization={IEEE Computer Society}
}

@inproceedings{SiteOriented11,
  title={A site oriented method for segmenting web pages},
  author={Fernandes, David and de Moura, Edleno Silva and da Silva, Altigran Soares and Ribeiro-Neto, Berthier and Braga, Edisson},
  booktitle={Proceedings of the 34th international ACM SIGIR conference on Research and development in Information Retrieval},
  pages={215--224},
  year={2011},
  organization={ACM}
}

@inproceedings{Graph08,
  title={A graph-theoretic approach to webpage segmentation},
  author={Chakrabarti, Deepayan and Kumar, Ravi and Punera, Kunal},
  booktitle={Proceedings of the 17th international conference on World Wide Web},
  pages={377--386},
  year={2008},
  organization={ACM}
}

@inproceedings{Noisy03,
  title={Eliminating noisy information in web pages for data mining},
  author={Yi, Lan and Liu, Bing and Li, Xiaoli},
  booktitle={Proceedings of the ninth ACM SIGKDD international conference on Knowledge discovery and data mining},
  pages={296--305},
  year={2003},
  organization={ACM}
}

@article{vide10,
  title={Vide: A vision-based approach for deep web data extraction},
  author={Liu, Wei and Meng, Xiaofeng and Meng, Weiyi},
  journal={Knowledge and Data Engineering, IEEE Transactions on},
  volume={22},
  number={3},
  pages={447--460},
  year={2010},
  publisher={IEEE}
}

@inproceedings{viper05,
  title={ViPER: augmenting automatic information extraction with visual perceptions},
  author={Simon, Kai and Lausen, Georg},
  booktitle={Proceedings of the 14th ACM international conference on Information and knowledge management},
  pages={381--388},
  year={2005},
  organization={ACM}
}

@incollection{vips03,
  title={Extracting content structure for web pages based on visual representation},
  author={Cai, Deng and Yu, Shipeng and Wen, Ji-Rong and Ma, Wei-Ying},
  booktitle={Web Technologies and Applications},
  pages={406--417},
  year={2003},
  publisher={Springer}
}

@inproceedings{TPC09,
  title={Extracting data records from the web using tag path clustering},
  author={Miao, Gengxin and Tatemura, Junichi and Hsiung, Wang-Pin and Sawires, Arsany and Moser, Louise E},
  booktitle={Proceedings of the 18th international conference on World wide web},
  pages={981--990},
  year={2009},
  organization={ACM}
}

@inproceedings{SuffixTree12,
  title={Extracting data records from web using suffix tree},
  author={Xie, Xiaoqin and Fang, Yixiang and Zhang, Zhiqiang and Li, Li},
  booktitle={Proceedings of the ACM SIGKDD Workshop on Mining Data Semantics},
  pages={12},
  year={2012},
  organization={ACM}
}

@inproceedings{MDR03,
  title={Mining data records in Web pages},
  author={Liu, Bing and Grossman, Robert and Zhai, Yanhong},
  booktitle={Proceedings of the ninth ACM SIGKDD international conference on Knowledge discovery and data mining},
  pages={601--606},
  year={2003},
  organization={ACM}
}

@article{Editorial04,
  title={Editorial: special issue on web content mining},
  author={Liu, Bing and Chen-Chuan-Chang, Kevin},
  journal={Acm Sigkdd explorations newsletter},
  volume={6},
  number={2},
  pages={1--4},
  year={2004},
  publisher={ACM}
}

@inproceedings{Volume05,
  title={The volume and evolution of web page templates},
  author={Gibson, David and Punera, Kunal and Tomkins, Andrew},
  booktitle={Special interest tracks and posters of the 14th international conference on World Wide Web},
  pages={830--839},
  year={2005},
  organization={ACM}
}

@inproceedings{Adaptive07,
  title={Adaptive web-page content identification},
  author={Gibson, John and Wellner, Ben and Lubar, Susan},
  booktitle={Proceedings of the 9th annual ACM international workshop on Web information and data management},
  pages={105--112},
  year={2007},
  organization={ACM}
}

@inproceedings{Entropy12,
  title={Data extraction from web pages based on structural-semantic entropy},
  author={Zheng, Xiaoqing and Gu, Yiling and Li, Yinsheng},
  booktitle={Proceedings of the 21st international conference companion on World Wide Web},
  pages={93--102},
  year={2012},
  organization={ACM}
}

@inproceedings{Extract03,
  title={Extracting structured data from web pages},
  author={Arasu, Arvind and Garcia-Molina, Hector},
  booktitle={Proceedings of the 2003 ACM SIGMOD international conference on Management of data},
  pages={337--348},
  year={2003},
  organization={ACM}
}

@inproceedings{NonTemplate13,
  title={A Non-Template Approach to Purify Web Pages Based on Word Density},
  author={Hu, Fei and Li, Ming and Zhang, Yi Nan and Peng, Tao and Lei, Yang},
  booktitle={Proceedings of the International Conference on Information Engineering and Applications (IEA) 2012},
  pages={221--228},
  year={2013},
  organization={Springer}
}

@inproceedings{Jointop07,
  title={Joint optimization of wrapper generation and template detection},
  author={Zheng, Shuyi and Song, Ruihua and Wen, Ji-Rong and Wu, Di},
  booktitle={Proceedings of the 13th ACM SIGKDD international conference on Knowledge discovery and data mining},
  pages={894--902},
  year={2007},
  organization={ACM}
}

@incollection{NET05,
  title={NET--a system for extracting web data from flat and nested data records},
  author={Liu, Bing and Zhai, Yanhong},
  booktitle={Web Information Systems Engineering--WISE 2005},
  pages={487--495},
  year={2005},
  publisher={Springer}
}

@inproceedings{RRunner01,
  title={Roadrunner: Towards automatic data extraction from large web sites},
  author={Crescenzi, Valter and Mecca, Giansalvatore and Merialdo, Paolo and others},
  booktitle={VLDB},
  volume={1},
  pages={109--118},
  year={2001}
}

@article{TPS2013,
  title={Automatic Web Page Segmentation and Noise Removal for Structured Extraction using Tag Path Sequences},
  author={Velloso, Roberto Panerai and Dorneles, Carina F},
  journal={Journal of Information and Data Management},
  volume={4},
  number={3},
  pages={173},
  year={2013}
}

@article{desc2013,
  title={Descoberta de ru{\'\i}do em p{\'a}ginas da web oculta atrav{\'e}s de uma abordagem de aprendizagem supervisionada},
  author={Lutz, Jo{\~a}o AF and Heuser, Carlos A},
  journal={Journal of Information and Data Management},
  year={2013}
}

@book{quinlan1993c4,
  title={C4.5: programs for machine learning},
  author={Quinlan, John Ross},
  volume={1},
  year={1993},
  publisher={Morgan kaufmann}
}

@inproceedings{reis2004automatic,
  title={Automatic web news extraction using tree edit distance},
  author={Reis, Davi de Castro and Golgher, Paulo Braz and Silva, ASd and Laender, AF},
  booktitle={Proceedings of the 13th international conference on World Wide Web},
  pages={502--511},
  year={2004},
  organization={ACM}
}